<?xml version="1.0" encoding="UTF-8"?><record xmlns="http://www.loc.gov/MARC21/slim" xmlns:cinclude="http://apache.org/cocoon/include/1.0" xmlns:zs="http://www.loc.gov/zing/srw/">
  <leader>00477cz  a2200133n  4500</leader>
  <controlfield tag="001">n  95056601 </controlfield>
  <controlfield tag="003">DLC</controlfield>
  <controlfield tag="005">19950608172103.5</controlfield>
  <controlfield tag="008">950608n| acannaab|          |a aaa |||  </controlfield>
  <datafield tag="010" ind1=" " ind2=" ">
    <subfield code="a">n  95056601 </subfield>
  </datafield>
  <datafield tag="040" ind1=" " ind2=" ">
    <subfield code="a">DLC</subfield>
    <subfield code="c">DLC</subfield>
    <subfield code="d">DLC</subfield>
  </datafield>
  <datafield tag="100" ind1="1" ind2="0">
    <subfield code="a">Skirkevičienė, Z.</subfield>
    <subfield code="q">(Zuzana),</subfield>
    <subfield code="d">1941-</subfield>
  </datafield>
  <datafield tag="400" ind1="1" ind2="0">
    <subfield code="a">Skirki︠a︡vichene, Z.,</subfield>
    <subfield code="d">1941-</subfield>
  </datafield>
  <datafield tag="670" ind1=" " ind2=" ">
    <subfield code="a">Feromanų tyrimai Lietuvoje, 1992:</subfield>
    <subfield code="b">t.p. (Z. Skirkevičienė) added t.p. (Z. Skirki︠a︡vichene) p. 36 (Skirkevičienė Zuzana, b. 01-09-41)</subfield>
  </datafield>
</record>